<?xml version="1.0" encoding="UTF-8"?><collection xmlns="http://www.loc.gov/MARC21/slim"><record><leader>00574nam--2200181-i-4500</leader><controlfield tag="001">000020964</controlfield><controlfield tag="002">20161230</controlfield><controlfield tag="005">20161230201033</controlfield><controlfield tag="008">060222s1000------------r-----000-0-eng-d</controlfield><datafield ind1=" " ind2=" " tag="020"><subfield code="a">9290923237</subfield></datafield><datafield ind1=" " ind2=" " tag="040"><subfield code="a">IFIN-HH</subfield></datafield><datafield ind1=" " ind2=" " tag="080"><subfield code="a">520.8</subfield></datafield><datafield ind1="1" ind2=" " tag="100"><subfield code="a">Wamsteker, Willem</subfield></datafield><datafield ind1="1" ind2="0" tag="245"><subfield code="a">Iue-ulda acces guide nr.5. international ultraviolet explorer-uniform low dispersion asrchive. cromospherically active binary stars</subfield><subfield code="c">Willem wamsteker</subfield></datafield><datafield ind1=" " ind2=" " tag="260"><subfield code="a">Villafranca</subfield><subfield code="b">Esa Publications Division</subfield><subfield code="c">1994</subfield></datafield><datafield ind1=" " ind2=" " tag="300"><subfield code="a">221 P</subfield></datafield><datafield ind1=" " ind2=" " tag="852"><subfield code="a">80254</subfield><subfield code="c">521/522</subfield></datafield><datafield ind1=" " ind2=" " tag="CAT"><subfield code="a">Sys</subfield><subfield code="c">20130827</subfield><subfield code="h">163341</subfield></datafield></record></collection>